% This is jfm2esam.bib v1.0 08/14/02
%


@article{Burton04,
  title = {Fluid Pinch-Off Dynamics at Nanometer Length Scales},
  author = {Burton, J. C. and Rutledge, J. E. and Taborek, P.},
  journal = {Phys. Rev. Lett.},
  volume = {92},
  issue = {24},
  pages = {244505},
  numpages = {4},
  year = {2004},
  month = {Jun},
  publisher = {American Physical Society},
}

@article{Burton11,
  title = {Simulations of Coulombic Fission of Charged Inviscid Drops},
  author = {Burton, J. C. and Taborek, P.},
  journal = {Phys. Rev. Lett.},
  volume = {106},
  issue = {14},
  pages = {144501},
  numpages = {4},
  year = {2011},
  month = {Apr},
  publisher = {American Physical Society},
}

@article{Chung89,
author = {Chung, M. S.  and Cutler,P. H.  and Miskovsky, N. M. },
title = {A first-order {N}avier-{S}tokes treatment of the shape and instability of liquid metal ion sources},
journal = {Journal of Applied Physics},
volume = {66},
number = {12},
pages = {6065-6072},
year = {1989},
}



@article{Collins08,
author = {Collins, R. T. and Jones, J. J.  and  Harris, M. T.  and Basaran, O. A.},
title = {Electrohydrodynamic tip streaming and emission of charged drops from liquid cones},
journal = { Nature Physics},
volume = {4},
pages = {149-154},
year = {2008},
}

@article{Day98,
  title = {Self-Similar Capillary Pinch-off of an Inviscid Fluid},
  author = {Day, R. F. and Hinch, E. J. and Lister, J. R.},
  journal = {Phys. Rev. Lett.},
  volume = {80},
  issue = {4},
  pages = {704-707},
  numpages = {0},
  year = {1998},
  month = {Jan},
  publisher = {American Physical Society},
}


@article{Driesel96,
author = {Driesel, W.  and Dietzsch, Ch.  and M\"{u}hle, R. },
title = {In situ observation of the tip shape of AuGe liquid alloy ion sources using a high voltage transmission electron microscope},
journal = {Journal of Vacuum Science \& Technology B: Microelectronics and Nanometer Structures Processing, Measurement, and Phenomena},
volume = {14},
number = {5},
pages = {3367-3380},
year = {1996},
}


@article{Elele15,
  title = {Detection of a Dynamic Cone-Shaped Meniscus on the Surface of Fluids in Electric Fields},
  author = {Elele, E. O. and Shen, Y. and Pettit, D. R. and Khusid, B.},
  journal = {Phys. Rev. Lett.},
  volume = {114},
  issue = {5},
  pages = {054501},
  numpages = {5},
  year = {2015},
  month = {Feb},
  publisher = {American Physical Society},

}

@article{Fenn93,
title = {Ion formation from charged droplets: roles of geometry, energy, and time},
journal = {Journal of the American Society for Mass Spectrometry},
volume = {4},
number = {7},
pages = {524 - 535},
year = {1993},
issn = {1044-0305},
author = {Fenn, J. B.},
}

@article{Ganan-Calvo97,
  title = {Cone-Jet Analytical Extension of {T}aylor's Electrostatic Solution and the Asymptotic Universal Scaling Laws in Electrospraying},
  author = {Ga{\~n}\'{a}n-Calvo, A. M.},
  journal = {Phys. Rev. Lett.},
  volume = {79},
  issue = {2},
  pages = {217--220},
  numpages = {0},
  year = {1997},
  month = {Jul},
  publisher = {American Physical Society},
}

@article{Lennon79,
author = {Lennon, G. P. and Liu, P. L.-F. and Liggett, J. A.},
title = {Boundary integral equation solution to axisymmetric potential flows: 1. Basic formulation},
journal = {Water Resources Research},
volume = {15},
number = {5},
pages = {1102-1106},
year = {1979}
}

@article{Leppinen03,
author = {Leppinen, D. and Lister, J. R. },
title = {Capillary pinch-off in inviscid fluids},
journal = {Physics of Fluids},
volume = {15},
number = {2},
pages = {568-578},
year = {2003},
}

@article{FernandezDeLaMora07,
author = { Fern\'{a}ndez de la Mora, J.},
title = {The Fluid Dynamics of {T}aylor Cones},
journal = {Annual Review of Fluid Mechanics},
volume = {39},
number = {1},
pages = {217-243},
year = {2007},
}

@article{Moroshkin17,
  title = {Taylor cone and electrospraying at a free surface of superfluid helium charged from below},
  author = {Moroshkin, P. and Leiderer, P. and M\"{o}ller, Th. B. and Kono, K.},
  journal = {Phys. Rev. E},
  volume = {95},
  issue = {5},
  pages = {053110},
  numpages = {9},
  year = {2017},
  month = {May},
  publisher = {American Physical Society},
}

@article{Rayleigh82,
author = { Strutt, J. W.},
title = {X{X}. {O}n the equilibrium of liquid conducting masses charged with electricity},
journal = {The London, Edinburgh, and Dublin Philosophical Magazine and Journal of Science},
volume = {14},
number = {87},
pages = {184-186},
year  = {1882},
publisher = {Taylor \& Francis}

}




@article{Sierou04,
author = {Sierou, A.  and Lister, J. R. },
title = {Self-similar recoil of inviscid drops},
journal = {Physics of Fluids},
volume = {16},
number = {5},
pages = {1379-1394},
year = {2004},
}

@article{Stokes47, 
author={Stokes, G. G.}, 
title={On the Theory of Oscillatory Waves}, 
journal={Transactions of the Cambridge Philosophical Society},
volume={8}, 
year={1847}, 
pages={441-455}, 
}

@article {Subbotin15,
	author = {Subbotin, A. V. and Semenov, A. N.},
	title = {Electrohydrodynamics of stationary cone-jet streaming},
	volume = {471},
	number = {2182},
	year = {2015},
	publisher = {The Royal Society},	
	issn = {1364-5021},
	journal = {Proceedings of the Royal Society of London A: Mathematical, Physical and Engineering Sciences}
}



  	
@article{Suvorov04,
  author={Suvorov, V. G. and Zubarev, N. M.},
  title={Formation of the {T}aylor cone on the surface of liquid metal in the presence of an electric field},
  journal={Journal of Physics D: Applied Physics},
  volume={37},
  number={2},
  pages={289},
  year={2004},
}

@article {Taylor64,
	title = {Disintegration of water drops in an electric field},
author={ Taylor, G. I.},
	volume = {280},
	number = {1382},
	pages = {383-397},
	year = {1964},	
	issn = {0080-4630},
	journal = {Proceedings of the Royal Society of London Series A: Mathematical and Physical Sciences},
	publisher = {The Royal Society},
}



@Article{Zubarev01,
author={Zubarev, N. M.},
title={Formation of conic cusps at the surface of liquid metal in electric field},
journal={Journal of Experimental and Theoretical Physics Letters},
year={2001},
month={May},
day={01},
volume={73},
number={10},
pages={544--548},
issn={1090-6487},
}

	






%% End of file `jfm2esam.bib'.
